@manual{Problem,
    author       = {Ilmar Ferreira Santos},
    title        = {Dynamics of Rotor-Bearing Systems},
    publisher    = {Department of Civil and Mechanical Engineering - Technical University of Denmark},
}